@article{ehealth,
  author =       "Gunther Eysenbach",
  title =        "What is e-health?",
  journal =      "Journal of Medical Internet Research",
  year =         "2001",
  DOI =          "10.2196/jmir.3.2.e20"
}
@misc{ehealth_oms,
    author    = "WHO",
    title     = "eHealth",
    url       = "http://www.emro.who.int/health-topics/ehealth/",
    year = "2017"
}

@misc{ehealth_telemedicine,
    author    = "WHO",
    title     = "Oportunities and developments in Member States",
    url       = "http://www.who.int/goe/publications/goe_telemedicine_2010.pdf",
    year = "2010"
}

@misc{mhealth_oms,
    author    = "WHO",
    title     = "New horizons for health through mobile technologies",
    url       = "http://www.who.int/goe/publications/goe_mhealth_web.pdf",
    year = "2011"
}

@article{mhealth,
  author = "Bruno M.C.Silva and Joel J.P.C.Rodrigues and Isabelde la Torre D\'iez and  Miguel L\'opez-Coronado and Kashif Saleem",
  title =        "A review of current state in 2015",
  journal =      "Journal of Biomedical Informatics",
  year =         "2015",
  DOI =          "10.1016/j.jbi.2015.06.003"
}

@misc{mhealth_app1,
    author    = "Maxwell Software",
    title     = "M. Software, Daily carb – carbohydrate, glucose, medication, blood pressure and exercise tracker",
    url       = "https://itunes.apple.com/us/app/daily-carb-carbohydrate-glucose/id536425111?mt=8",
    year = "2014"
}

@misc{mhealth_app2,
    author    = "Azumio Inc.",
    title     = "Azumio Inc., Glucose buddy – diabetes logbook manager w/syncing, blood pressure, weight tracking",
    url       = "https://itunes.apple.com/us/app/glucose-buddy-diabetes-logbook/id294754639?mt=8",
    year = "2014"
}

@misc{mhealth_app3,
    author    = "Sanofi US",
    title     = "Sanofi-aventis, Gomeals",
    url       = "https://itunes.apple.com/us/app/gomeals/id336651139?mt=8",
    year = "2014"
}

@misc{mhealthinsights,
    author    = "PwC",
    title     = "How supportive is the regulatory framework for mobile health applications? ",
    url       = "https://www.pwc.com/gx/en/healthcare/mhealth/mhealth-insights/assets/pwc-mhealth-how-supportive-is-the-regulatory-framework-for-mobile-health-applications.pdf",
    year = "2013"
}

@article{mhealth-pipeline,
  author = "Tamara Vagg and Prof Barry J. Plant and Dr Sabin Tabirca",
  title =        "A General mHealth Design Pipeline",
  year =         "2016",
  journal = "ACM New York",
  DOI =          "10.1145/3007120.3007147"
}
@misc{bluetooth,
    author    = "Bluetooth SIG",
    title     = "what is Bluetooth?",
    url       = "https://www.bluetooth.com/what-is-bluetooth-technology/discover-bluetooth",
    year = "2017"
}
@misc{vj,
    author    = "Bluetooth SIG",
    title     = "VitalJacket",
    url       = "http://www.vitaljacket.com/?page_id=790",
    year = "2010"
}

@book{mobileappbook,
    title={Mobile Applications: Architecture, Design, and Development},
    author={Valentino Lee and Heather Schneider and Robbie Schell},
    isbn={0131172638},
    year={2004},
    publisher={Prentice Hall PTR Upper Saddle River, NJ, USA 2004}
}

@misc{oauth10,
    author    = "Internet Engineering Task Force",
    title     = "The OAuth 1.0 Protocol",
    url       = "https://tools.ietf.org/html/rfc5849",
    year = "2010"
}

@misc{oauth20,
    author    = "Internet Engineering Task Force",
    title     = "OAuth 2.0",
    url       = "https://tools.ietf.org/html/rfc6749",
    year = "2012"
}

@article{leiba_oauth,
  author = "Barry Leiba",
  title =        "OAuth Web Authorization Protocol",
  year =         "2012",
  journal = "IEEE Internet Computing",
  DOI =          "10.1109/MIC.2012.11"
}

@book{webservicesbook,
    title={Web Services},
    author={Gustavo Alonso and Fabio Casati and Harumi Kuno and Vijay Machiraju},
    isbn={978-3-662-10876-5},
    year={2004},
    publisher={Springer, Berlin, Heidelberg},
    DOI= "https://doi.org/10.1007/978-3-662-10876-5_5",
    pages =        "123--149",
}

@misc{wsjakob,
    author    = "Jakob Jenkove",
    title     = "Web Service Message Formats",
    url       = "http://tutorials.jenkov.com/web-services/message-formats.html",
    year = "2014"
}

@misc{json,
    author    = "Internet Engineering Task Force",
    title     = "The JavaScript Object Notation (JSON) Data Interchange Format",
    url       = "https://tools.ietf.org/html/rfc7159",
    year = "2014"
}

@misc{whatisrest,
    author    = "DR. M. ELKSTEIN",
    title     = "Learn REST: A Tutorial",
    url       = "http://rest.elkstein.org/2008/02/what-is-rest.html",
    year = "2014"
}

@misc{restwebservices,
    author    = "Alex Rodriguez",
    title     = "RESTful Web services: The basics",
    url       = "https://www.ibm.com/developerworks/library/ws-restful/index.html",
    year = "2008"
}

@misc{omhabout,
    author    = "Copyright © 2015 Open mHealth, a project of the Tides Center",
    title     = "Open mHealth, About",
    url       = "http://www.openmhealth.org/organization/about/",
    year = "2015"

}
@article{omharticle,
  author = "Deborah Estrin and Ida Sim",
  title =        "Open mHealth Architecture: An Engine for Health Care Innovation",
  year =         "2010",
  journal = "Science",
  DOI =          "10.1126/science.1196187",
  pages = "759--760",
  volume="330"
}

@misc{omhschemas,
    author    = "Copyright © 2015 Open mHealth, a project of the Tides Center",
    title     = "About schemas",
    url       = "http://www.openmhealth.org/documentation/#/schema-docs/overview",
    year = "2015"
}

@misc{omhheartrate,
    author    = "Copyright © 2015 Open mHealth, a project of the Tides Center",
    title     = "Heart Rate, JSON Schema",
    url       = "http://www.openmhealth.org/documentation/#/schema-docs/schema-library/schemas/omh_heart-rate",
    year = "2015"
}
@misc{omhstorage,
    author    = "Copyright © 2015 Open mHealth, a project of the Tides Center",
    title     = "Start storing data",
    url       = "http://www.openmhealth.org/documentation/#/store-data/storage-overview",
    year = "2015"
}

@article{whyihe,
  author = "Keith J. Dreyer",
  title =        "Why IHE?",
  year =         "2000",
  journal = "RadioGraphics",
  DOI =          "10.1148/radiographics.20.6.g00no381583",
  volume="20"
}

@misc{hl7,
    author    = "Health Level Seven International",
    title     = "About HL7",
    url       = "http://www.hl7.org/about/index.cfm?ref=nav",
    year = "2017"
}

@misc{corepointhealth,
    author    = "CorePoint Health",
    title     = "The HL7 Evolution",
    url       = "https://corepointhealth.com/resource-center/white-papers/evolution-hl7",
    year = "201?"
}
@misc{hl7fhir,
    author    = " HL7.org",
    title     = "Introducing HL7 FHIR",
    url       = "http://hl7.org/fhir/summary.html",
    year = "2011+"
}
@misc{googlefit,
    author    = "Google",
    title     = "GoogleFit Platform Overview",
    url       = "https://developers.google.com/fit/overview",
    year = "2016"
}
@misc{googlegetstarted,
    author    = "Google",
    title     = "REST API",
    url       = "https://developers.google.com/fit/rest/",
    year = "2016"
}
@misc{schemas-rep,
    author    = "OMH",
    title     = "Open mHealth Schema Repository",
    url       = "https://github.com/openmhealth/schemas",
    year = "2017"
}

@misc{git-install,
    author    = "Member of Software Freedom Conservancy",
    title     = "Getting-Started-Installing-Git",
    url       = "https://git-scm.com/book/id/v2/Getting-Started-Installing-Gits",
    year = "2017"
}
@misc{java-overview,
    author    = "Oracle",
    title     = "Overview",
    url       = "http://www.oracle.com/technetwork/java/javase/overview/java8-2100321.html",
    year = "2017"
}

@misc{atom-install,
    author    = "Atom",
    title     = "Installing Atom",
    url       = "https://flight-manual.atom.io/getting-started/sections/installing-atom/",
    year = "2017"
}

@misc{schema-library,
    author    = "Copyright © 2015 Open mHealth, a project of the Tides Center",
    title     = "Schema library",
    url       = "http://www.openmhealth.org/documentation/#/schema-docs/schema-library",
    year = "2015"
}
@misc{vertx-io,
    title     = "VERT.X",
    url       = "http://vertx.io/",
    year = "2017"
}
@misc{vertx-study,
    author    = "Seongmin Woo",
    title     = "Inside Vert.x. Comparison with Node.js",
    url       = "https://www.cubrid.org/blog/inside-vertx-comparison-with-nodejs",
    year = "2017"
}
@misc{hl7-rim,
    author    = "George W. Beeler, Jr.",
    title     = "Introduction to: HL7 Reference Information Model (RIM)",
    url       = "https://www.hl7.org/documentcenter/public_temp_71980980-1C23-BA17-0CA506478108F246/calendarofevents/himss/2011/HL7%20Reference%20Information%20Model.pdf",
    year = "2011"
}
@misc{jpa-server,
    author    = "Andrius Velykis",
    title     = "JPA Server",
    url       = "http://hapifhir.io/doc_jpa.html",
    year = "2017"
}
@misc{nosql,
    author    = "Robin Henricsson",
    title     = "Document Oriented NoSQL Databases",
    url       = "https://www.diva-portal.org/smash/get/diva2:832580/FULLTEXT01.pdf",
    year = "2011"
}
@misc{hapi-index,
    author    = "Andrius Velykis",
    title     = "HAPI FHIR - Some Ways You Can Use HAPI FHIR",
    url       = "http://hapifhir.io/",
    year = "2017"
}
@misc{spring-framework,
    author    = "Ben Alex and Luke Taylor and Rob Winch and Gunnar Hillert",
    title     = "Spring Security Reference",
    url       = "https://docs.spring.io/spring-security/site/docs/5.0.0.M5/reference/htmlsingle/",
    year = "2015"
}
@misc{mysql,
    author    = "Oracle Corporation and/or its affiliates",
    title     = "My Sql",
    url       = "https://www.mysql.com/",
    year = "2017"
}
@misc{postgresql,
    author    = "The PostgreSQL Global Development Group",
    title     = "PostgreSQL",
    url       = "https://www.postgresql.org/",
    year = "2017"
}
@misc{omh-code,
    author    = "Open mHealth, a project of the Tides Center ",
    title     = "Open mHealth Storage Endpoint",
    url       = "https://github.com/luistduarte/omh-dsu-ri",
    year = "2017"
}
@misc{omh-runnatively,
    author    = "Open mHealth, a project of the Tides Center",
    title     = "Option 2. Building from source and running natively",
    url       = "https://github.com/luistduarte/omh-dsu-ri/blob/master/README.md#option-2-building-from-source-and-running-natively",
    year = "2017"
}
@misc{restpubsub,
    author    = "Luis Duarte",
    title     = "rest.pub.sub",
    url       = "https://github.com/luistduarte/rest.pub.sub",
    year = "2017"
}

